<?xml version="1.0" encoding="UTF-8"?><collection xmlns="http://www.loc.gov/MARC21/slim"><record><leader>00385nam--2200133-i-4500</leader><controlfield tag="001">000041836</controlfield><controlfield tag="002">20161230</controlfield><controlfield tag="005">20161230201043</controlfield><controlfield tag="008">060222s1000------------r-----000-0-eng-d</controlfield><datafield ind1=" " ind2=" " tag="080"><subfield code="a">621.039.53</subfield></datafield><datafield ind1=" " ind2=" " tag="100"><subfield code="a">Slaughter,Gerald M</subfield></datafield><datafield ind1=" " ind2=" " tag="245"><subfield code="a">Welding and brazing techniques for nuclear reactor components</subfield></datafield><datafield ind1=" " ind2=" " tag="260"><subfield code="a">New York, Rowman And Littlefield, Inc.,1964. Viii + 194 P</subfield></datafield><datafield ind1=" " ind2=" " tag="852"><subfield code="a">24836</subfield></datafield></record></collection>